<record><leader>00000cas a22000007a 4500</leader><controlfield tag="001">10313000</controlfield><controlfield tag="008">840118d18881891pauwr ne      0   a0eng d</controlfield><datafield ind1=" " ind2=" " tag="010"><subfield code="a">sn 84025713 </subfield></datafield><datafield ind1=" " ind2=" " tag="040"><subfield code="a">NPV</subfield><subfield code="b">eng</subfield><subfield code="c">NPV</subfield><subfield code="d">OCLCQ</subfield></datafield><datafield ind1=" " ind2=" " tag="042"><subfield code="a">msc</subfield></datafield><datafield ind1=" " ind2=" " tag="043"><subfield code="a">n-us-pa</subfield></datafield><datafield ind1=" " ind2=" " tag="045"><subfield code="a">w8w9</subfield></datafield><datafield ind1=" " ind2=" " tag="052"><subfield code="a">3824</subfield><subfield code="b">P5</subfield></datafield><datafield ind1="0" ind2=" " tag="130"><subfield code="a">Union (Philadelphia, Pa. : 1888)</subfield></datafield><datafield ind1="1" ind2="4" tag="245"><subfield code="a">The Union.</subfield></datafield><datafield ind1=" " ind2=" " tag="260"><subfield code="a">Philadelphia :</subfield><subfield code="b">G. Chance</subfield></datafield><datafield ind1=" " ind2=" " tag="300"><subfield code="a">v.</subfield></datafield><datafield ind1=" " ind2=" " tag="310"><subfield code="a">Weekly</subfield></datafield><datafield ind1="1" ind2=" " tag="362"><subfield code="a">Began in 1888; ceased in 1891?</subfield><subfield code="z">Cf. Salisbury, R. Pennsylvania newspapers.</subfield></datafield><datafield ind1=" " ind2=" " tag="500"><subfield code="a">"Labor paper." Cf. Salisbury, R. Pennsylvania newspapers.</subfield></datafield><datafield ind1=" " ind2=" " tag="588"><subfield code="a">Description based on: No. 39 (Sept. 7, 1889).</subfield></datafield><datafield ind1=" " ind2=" " tag="752"><subfield code="a">United States</subfield><subfield code="b">Pennsylvania</subfield><subfield code="c">Philadelphia</subfield><subfield code="d">Philadelphia.</subfield></datafield><datafield ind1="1" ind2=" " tag="029"><subfield code="a">AU@</subfield><subfield code="b">000025837183</subfield></datafield></record>